@Book{knuth:84,
  author = 	 {Donald E. Knuth},
  title = 	 {The {\TeX} Book},
  publisher = 	 {Addison-Wesley},
  year = 	 {1984},
  edition = 	 {15th}
}

@InCollection{boulic:91,
  author = 	 {R. Boulic and O. Renault},
  title = 	 {3D Hierarchies for Animation},
  booktitle = 	 {New Trends in Animation and Visualization},
  publisher =    {John Wiley {\&} Sons ltd.},
  year = 	 {1991},
  editor = 	 {Nadia Magnenat-Thalmann and Daniel Thalmann}
}

@InCollection{smith:99,
  author = 	 {A. Smith and B. Jones},
  title = 	 {On the Complexity of Computing},
  booktitle = 	 {Advances in Computer Science},
  pages = 	 {555--566},
  publisher =    {Publishing Press},
  year = 	 {1999},
  editor = 	 {A. B. Smith-Jones}
}

@conference{kamel1994hilbert,
  title={{Hilbert R-tree: An Improved R-tree using Fractals}},
  author={Kamel, I. and Faloutsos, C.},
  booktitle={VLDB 20th},
  pages={509},
  year={1994},
  organization={Morgan Kaufmann Publishers Inc.}
}

@book{beckmann1990r,
  title={The R*-tree: an efficient and robust access method for points and rectangles},
  author={Beckmann, N. and Kriegel, H.P. and Schneider, R. and Seeger, B.},
  volume={19},
  number={2},
  year={1990},
  publisher={ACM}
}

@article{bentley1975multidimensional,
  title={{Multidimensional binary search trees used for associative searching}},
  author={Bentley, J.L.},
  journal={Communications of the ACM},
  volume={18},
  number={9},
  pages={517},
  year={1975},
  publisher={ACM}
}

@book{guttman1984r,
  title={R-trees: a dynamic index structure for spatial searching},
  author={Guttman, A.},
  volume={14},
  number={2},
  year={1984},
  publisher={ACM}
}

@article{comer1979ubiquitous,
  title={{Ubiquitous B-tree}},
  author={Comer, D.},
  journal={ACM Computing Surveys (CSUR)},
  volume={11},
  number={2},
  pages={121--137},
  issn={0360-0300},
  year={1979},
  publisher={ACM}
}

@article{an1999storing,
  title={Storing spatial data on a network of workstations},
  author={An, N. and Lu, R. and Qian, L. and Sivasubramaniam, A. and Keefe, T.},
  journal={Cluster Computing},
  volume={2},
  number={4},
  pages={259--270},
  year={1999},
  publisher={Springer}
}

@inproceedings{du2007sd,
  title={Sd-rtree: A scalable distributed rtree},
  author={du Mouza, C. and Litwin, W. and Rigaux, P.},
  booktitle={Data Engineering, 2007. ICDE 2007. IEEE 23rd International Conference on},
  pages={296--305},
  year={2007},
  organization={IEEE}
}

@inproceedings{schnitzer1999master,
  title={Master-client R-trees: A new parallel R-tree architecture},
  author={Schnitzer, B. and Leutenegger, S.T.},
  booktitle={Scientific and Statistical Database Management, 1999. Eleventh International Conference on},
  pages={68--77},
  year={1999},
  organization={IEEE}
}

@inproceedings{wei2008new,
  title={A new parallel spatial query algorithm for distributed spatial databases},
  author={Wei, H.J. and Wei, Z.K. and Yin, Q.},
  booktitle={Machine Learning and Cybernetics, 2008 International Conference on},
  volume={3},
  pages={1570--1574},
  year={2008},
  organization={IEEE}
}

@article{koudas1996declustering,
  title={Declustering spatial databases on a multi-computer architecture},
  author={Koudas, N. and Faloutsos, C. and Kamel, I.},
  journal={Advances in Database Technology-EDBT'96},
  pages={592--614},
  year={1996},
  publisher={Springer}
}

@inproceedings{dedsi,
  title={{ DSI-Rtree - Um {\'I}ndice R-Tree Escal{\'a}vel Distribu{\'i}do}},
  author={de Oliveira, T.B. and Sacramento, V. and Oliveira, S.T. and Albuquerque, P.I. and Cardoso, M.C. and Bloco, IMF and Campus, II},
  booktitle={XXIX Simp{\'o}sio Brasileiro de Redes de Computadores e Sistemas Distribu{\'i}dos},
  year={2011},
}

@inproceedings{zhang2009spatial,
  title={Spatial queries evaluation with mapreduce},
  author={Zhang, S. and Han, J. and Liu, Z. and Wang, K. and Feng, S.},
  booktitle={Grid and Cooperative Computing, 2009. GCC'09. Eighth International Conference on},
  pages={287--292},
  year={2009},
  organization={IEEE}
}

@inproceedings{zhong2012towards,
  title={Towards Parallel Spatial Query Processing for Big Spatial Data},
  author={Zhong, Y. and Han, J. and Zhang, T. and Li, Z. and Fang, J. and Chen, G.},
  booktitle={Parallel and Distributed Processing Symposium Workshops \& PhD Forum (IPDPSW), 2012 IEEE 26th International},
  pages={2085--2094},
  year={2012},
  organization={IEEE}
}

@inproceedings{xie2008two,
  title={A Two-Phase Load-Balancing Framework of Parallel GIS Operations},
  author={Xie, Z. and Ye, Z. and Wu, L.},
  booktitle={Geoscience and Remote Sensing Symposium, 2008. IGARSS 2008. IEEE International},
  volume={2},
  pages={II--1286},
  year={2008},
  organization={IEEE}
}

@article{manolopoulos2003rth,
  title={{R-trees have grown everywhere}},
  author={Manolopoulos, Y. and Nanopoulos, A. and Papadopoulos, A.N. and Theodoridis, Y.},
  journal={Submitted to ACM Computing Surveys},
  year={2003},
  publisher={Citeseer}
}

@article{jacox2007spatial,
  title={Spatial join techniques},
  author={Jacox, E.H. and Samet, H.},
  journal={ACM Transactions on Database Systems (TODS)},
  volume={32},
  number={1},
  pages={7},
  year={2007},
  publisher={Acm}
}